<?xml version="1.0" encoding="UTF-8"?><collection xmlns="http://www.loc.gov/MARC21/slim"><record><leader>00569nam--2200181-u-4500</leader><controlfield tag="001">000056329</controlfield><controlfield tag="002">20161230</controlfield><controlfield tag="005">20161230201052</controlfield><controlfield tag="008">150702s1000------------r-----000-0-eng-d</controlfield><datafield ind1=" " ind2=" " tag="040"><subfield code="a">IFIN-HH</subfield></datafield><datafield ind1="1" ind2=" " tag="100"><subfield code="a">Press, William H</subfield></datafield><datafield ind1="1" ind2="0" tag="245"><subfield code="a">Numerical recipes. the art of scientific computing</subfield><subfield code="c">William h. press, saul a. teukolsky, william t. vetterling, brian p. flannery</subfield></datafield><datafield ind1=" " ind2=" " tag="250"><subfield code="a">Third Edition</subfield></datafield><datafield ind1=" " ind2=" " tag="260"><subfield code="a">Cambridge</subfield><subfield code="b">Cambridge University Press</subfield><subfield code="c">2007</subfield></datafield><datafield ind1=" " ind2=" " tag="300"><subfield code="a">XXI+1235P</subfield></datafield><datafield ind1="1" ind2=" " tag="700"><subfield code="a">Flannery, Brian P</subfield></datafield><datafield ind1=" " ind2=" " tag="852"><subfield code="a">82406</subfield><subfield code="c">681.3</subfield></datafield><datafield ind1=" " ind2=" " tag="CAT"><subfield code="a">Sys</subfield><subfield code="c">20160210</subfield><subfield code="h">094454</subfield></datafield></record></collection>